<record><leader>00000cas a2200000 a 4500</leader><controlfield tag="001">21578170</controlfield><controlfield tag="008">900523d188u190uiludn ne      0   a0eng c</controlfield><datafield ind1=" " ind2=" " tag="010"><subfield code="a">sn 90053032 </subfield></datafield><datafield ind1=" " ind2=" " tag="040"><subfield code="a">NVF</subfield><subfield code="b">eng</subfield><subfield code="c">NVF</subfield><subfield code="d">DLC</subfield><subfield code="d">NVF</subfield><subfield code="d">CVF</subfield><subfield code="d">OCLCQ</subfield><subfield code="d">OCLCF</subfield><subfield code="d">OCLCO</subfield><subfield code="d">NVF</subfield><subfield code="d">OCLCO</subfield></datafield><datafield ind1="1" ind2=" " tag="029"><subfield code="a">AU@</subfield><subfield code="b">000020615993</subfield></datafield><datafield ind1=" " ind2=" " tag="042"><subfield code="a">pcc</subfield></datafield><datafield ind1=" " ind2=" " tag="043"><subfield code="a">n-us-il</subfield></datafield><datafield ind1="0" ind2="0" tag="245"><subfield code="a">South Chicago daily calumet.</subfield></datafield><datafield ind1="1" ind2=" " tag="246"><subfield code="i">Issues called:</subfield><subfield code="a">Daily calumet</subfield><subfield code="f">Nov. 11-Dec. 18, 1901</subfield></datafield><datafield ind1=" " ind2=" " tag="260"><subfield code="a">South Chicago [Chicago, Ill.] :</subfield><subfield code="b">[publisher not identified]</subfield></datafield><datafield ind1=" " ind2=" " tag="300"><subfield code="a">volumes</subfield></datafield><datafield ind1=" " ind2=" " tag="310"><subfield code="a">Daily (except Sunday)</subfield></datafield><datafield ind1=" " ind2=" " tag="500"><subfield code="a">On July 16, 1889, South Chicago became part of the city of Chicago.</subfield></datafield><datafield ind1=" " ind2=" " tag="588"><subfield code="a">Description based on: 5th year (July 5, 1887).</subfield></datafield><datafield ind1=" " ind2=" " tag="588"><subfield code="a">Latest issue consulted: June 30, 1902.</subfield></datafield><datafield ind1=" " ind2="0" tag="650"><subfield code="a">Community newspapers</subfield><subfield code="z">Illinois</subfield><subfield code="z">Chicago.</subfield></datafield><datafield ind1=" " ind2="0" tag="651"><subfield code="a">South Chicago (Chicago, Ill.)</subfield><subfield code="v">Newspapers.</subfield></datafield><datafield ind1=" " ind2="7" tag="655"><subfield code="a">Newspapers.</subfield><subfield code="2">fast</subfield><subfield code="0">(OCoLC)fst01423814</subfield></datafield><datafield ind1=" " ind2=" " tag="752"><subfield code="a">United States</subfield><subfield code="b">Illinois</subfield><subfield code="c">Cook County</subfield><subfield code="d">South Chicago.</subfield></datafield><datafield ind1=" " ind2=" " tag="752"><subfield code="a">United States</subfield><subfield code="b">Illinois</subfield><subfield code="c">Cook County</subfield><subfield code="d">Chicago</subfield><subfield code="f">South Chicago.</subfield></datafield><datafield ind1="0" ind2="0" tag="780"><subfield code="t">Daily Calumet (South Chicago, Ill. : 1885)</subfield><subfield code="w">(DLC)sn 93057183</subfield><subfield code="w">(OCoLC)29147051</subfield></datafield><datafield ind1="0" ind2="0" tag="785"><subfield code="t">Daily Calumet (South Chicago, Ill. : 1903)</subfield><subfield code="w">(DLC)sn 85000550</subfield><subfield code="w">(OCoLC)44001694</subfield></datafield></record>